<record><leader>00000cas a22000007a 4500</leader><controlfield tag="001">14066797</controlfield><controlfield tag="008">860808d19101920nvuwr n       0    0eng d</controlfield><datafield ind1=" " ind2=" " tag="010"><subfield code="a">sn 86076354 </subfield></datafield><datafield ind1=" " ind2=" " tag="040"><subfield code="a">NNX</subfield><subfield code="b">eng</subfield><subfield code="c">NNX</subfield><subfield code="d">OCLCQ</subfield></datafield><datafield ind1=" " ind2=" " tag="042"><subfield code="a">msc</subfield></datafield><datafield ind1="0" ind2=" " tag="130"><subfield code="a">White Pine news weekly mining review (1910)</subfield></datafield><datafield ind1="1" ind2="0" tag="245"><subfield code="a">White Pine news weekly mining review.</subfield></datafield><datafield ind1=" " ind2=" " tag="260"><subfield code="a">East Ely, Nev. :</subfield><subfield code="b">Investment News Bureau,</subfield><subfield code="c">1910-1920.</subfield></datafield><datafield ind1=" " ind2=" " tag="300"><subfield code="a">13 v. :</subfield><subfield code="b">ill.</subfield></datafield><datafield ind1="0" ind2=" " tag="362"><subfield code="a">Vol. 41, no. 14 (July 3, 1910)-v. 53, no. 27 (Oct. 17, 1920).</subfield></datafield><datafield ind1=" " ind2=" " tag="752"><subfield code="a">United States</subfield><subfield code="b">Nevada</subfield><subfield code="c">White Pine</subfield><subfield code="d">East Ely.</subfield></datafield><datafield ind1=" " ind2=" " tag="752"><subfield code="a">United States</subfield><subfield code="b">Nevada</subfield><subfield code="c">White Pine</subfield><subfield code="d">Ely.</subfield></datafield><datafield ind1="0" ind2="0" tag="780"><subfield code="t">White Pine news (Ely, Nev. : 1906)</subfield><subfield code="w">(DLC)sn 86076249</subfield><subfield code="w">(OCoLC)13790203</subfield></datafield><datafield ind1="0" ind2="0" tag="785"><subfield code="t">White Pine news (East Ely, Nev. : 1920)</subfield><subfield code="w">(DLC)sn 86076375</subfield></datafield></record>